@book{2018,
  title = {Computer Vision – ECCV 2018: 15th European Conference,  Munich,  Germany,  September 8-14,  2018,  Proceedings,  Part I},
  ISBN = {9783030012465},
  ISSN = {1611-3349},
  url = {http://dx.doi.org/10.1007/978-3-030-01246-5},
  DOI = {10.1007/978-3-030-01246-5},
  journal = {Lecture Notes in Computer Science},
  publisher = {Springer International Publishing},
  year = {2018}
}

@article{DBLP:journals/corr/abs-1906-08172,
  author       = {Camillo Lugaresi and
                  Jiuqiang Tang and
                  Hadon Nash and
                  Chris McClanahan and
                  Esha Uboweja and
                  Michael Hays and
                  Fan Zhang and
                  Chuo{-}Ling Chang and
                  Ming Guang Yong and
                  Juhyun Lee and
                  Wan{-}Teh Chang and
                  Wei Hua and
                  Manfred Georg and
                  Matthias Grundmann},
  title        = {MediaPipe: {A} Framework for Building Perception Pipelines},
  journal      = {CoRR},
  volume       = {abs/1906.08172},
  year         = {2019},
  url          = {http://arxiv.org/abs/1906.08172},
  eprinttype    = {arXiv},
  eprint       = {1906.08172},
  timestamp    = {Mon, 24 Jun 2019 17:28:45 +0200},
  biburl       = {https://dblp.org/rec/journals/corr/abs-1906-08172.bib},
  bibsource    = {dblp computer science bibliography, https://dblp.org}
}

@article{qwen2,
  title={Qwen2 Technical Report},
  year={2024}
}

@article{llama3modelcard,
  title={Llama 3 Model Card},
  author={AI@Meta},
  year={2024},
  url = {https://github.com/meta-llama/llama3/blob/main/MODEL_CARD.md}
}

@software{gpt-neo,
  author       = {Black, Sid and
                  Leo, Gao and
                  Wang, Phil and
                  Leahy, Connor and
                  Biderman, Stella},
  title        = {{GPT-Neo: Large Scale Autoregressive Language
                   Modeling with Mesh-Tensorflow}},
  month        = mar,
  year         = 2021,
  note         = {{If you use this software, please cite it using
                   these metadata.}},
  publisher    = {Zenodo},
  version      = {1.0},
  doi          = {10.5281/zenodo.5297715},
  url          = {https://doi.org/10.5281/zenodo.5297715}
}

@article{gao2020pile,
  title={The Pile: An 800GB Dataset of Diverse Text for Language Modeling},
  author={Gao, Leo and Biderman, Stella and Black, Sid and Golding, Laurence and Hoppe, Travis and Foster, Charles and Phang, Jason and He, Horace and Thite, Anish and Nabeshima, Noa and others},
  journal={arXiv preprint arXiv:2101.00027},
  year={2020}
}

@article{DBLP:journals/corr/abs-1912-01703,
  author       = {Adam Paszke and
                  Sam Gross and
                  Francisco Massa and
                  Adam Lerer and
                  James Bradbury and
                  Gregory Chanan and
                  Trevor Killeen and
                  Zeming Lin and
                  Natalia Gimelshein and
                  Luca Antiga and
                  Alban Desmaison and
                  Andreas K{\"{o}}pf and
                  Edward Z. Yang and
                  Zach DeVito and
                  Martin Raison and
                  Alykhan Tejani and
                  Sasank Chilamkurthy and
                  Benoit Steiner and
                  Lu Fang and
                  Junjie Bai and
                  Soumith Chintala},
  title        = {PyTorch: An Imperative Style, High-Performance Deep Learning Library},
  journal      = {CoRR},
  volume       = {abs/1912.01703},
  year         = {2019},
  url          = {http://arxiv.org/abs/1912.01703},
  eprinttype    = {arXiv},
  eprint       = {1912.01703},
  timestamp    = {Tue, 02 Nov 2021 15:18:32 +0100},
  biburl       = {https://dblp.org/rec/journals/corr/abs-1912-01703.bib},
  bibsource    = {dblp computer science bibliography, https://dblp.org}
}

@article{DBLP:journals/corr/VaswaniSPUJGKP17,
  author       = {Ashish Vaswani and
                  Noam Shazeer and
                  Niki Parmar and
                  Jakob Uszkoreit and
                  Llion Jones and
                  Aidan N. Gomez and
                  Lukasz Kaiser and
                  Illia Polosukhin},
  title        = {Attention Is All You Need},
  journal      = {CoRR},
  volume       = {abs/1706.03762},
  year         = {2017},
  url          = {http://arxiv.org/abs/1706.03762},
  eprinttype    = {arXiv},
  eprint       = {1706.03762},
  timestamp    = {Sat, 23 Jan 2021 01:20:40 +0100},
  biburl       = {https://dblp.org/rec/journals/corr/VaswaniSPUJGKP17.bib},
  bibsource    = {dblp computer science bibliography, https://dblp.org}
}

@inproceedings{
  43905,
  title	= {Long short-term memory recurrent neural network architectures for large scale acoustic modeling},
  author	= {Hasim Sak and Andrew W. Senior and Françoise Beaufays},year	= {2014},
  booktitle	= {INTERSPEECH},
  pages	= {338-342}
}

@book{zhang2023dive,
    title={Dive into Deep Learning},
    author={Zhang, Aston and Lipton, Zachary C. and Li, Mu and Smola, Alexander J.},
    publisher={Cambridge University Press},
    note={\url{https://D2L.ai}},
    year={2023}
}

@misc{https://doi.org/10.48550/arxiv.2210.11416,
  doi = {10.48550/ARXIV.2210.11416},
  url = {https://arxiv.org/abs/2210.11416},
  author = {Chung, Hyung Won and Hou, Le and Longpre, Shayne and Zoph, Barret and Tay, Yi and Fedus, William and Li, Eric and Wang, Xuezhi and Dehghani, Mostafa and Brahma, Siddhartha and Webson, Albert and Gu, Shixiang Shane and Dai, Zhuyun and Suzgun, Mirac and Chen, Xinyun and Chowdhery, Aakanksha and Narang, Sharan and Mishra, Gaurav and Yu, Adams and Zhao, Vincent and Huang, Yanping and Dai, Andrew and Yu, Hongkun and Petrov, Slav and Chi, Ed H. and Dean, Jeff and Devlin, Jacob and Roberts, Adam and Zhou, Denny and Le, Quoc V. and Wei, Jason},
  keywords = {Machine Learning (cs.LG), Computation and Language (cs.CL), FOS: Computer and information sciences, FOS: Computer and information sciences},
  title = {Scaling Instruction-Finetuned Language Models},
  publisher = {arXiv},
  year = {2022},
  copyright = {Creative Commons Attribution 4.0 International}
}